% Encoding: UTF-8
% vim:enc=utf-8:

@Book{Knuth1986,
  Title                    = {The \TeX book},
  Author                   = {Donald~Ervin Knuth},
  Publisher                = {Addison-Wesley},
  Year                     = {1986}
}
@Book{Lamport1994,
  Title                    = {A Document Preparation System},
  Author                   = {Leslie Lamport},
  Publisher                = {Addison-Wesley},
  Year                     = {1994}
}
@Book{Liu2013,
  Title                    = {\LaTeX 入门},
  Author                   = {刘海洋},
  Publisher                = {电子工业出版社},
  Year                     = {2013}
}

@Book{A2016,
  Title                    = {A},
  Author                   = {San Zhang},
  Publisher                = {Addison-Wesley},
  Year                     = {2016}
}
@Book{B2017,
  Title                    = {B},
  Author                   = {Si Li and San Zhang},
  Publisher                = {Addison-Wesley},
  Year                     = {2017}
}
@Book{C2018,
  Title                    = {C},
  Author                   = {San Zhang and Si Li},
  Publisher                = {电子工业出版社},
  Year                     = {2018}
}

@Book{D2019,
  Title                    = {D},
  Author                   = {张三 and 李四},
  Publisher                = {电子工业出版社},
  Year                     = {2018}
}